<?xml version="1.0" encoding="UTF-8"?><collection xmlns="http://www.loc.gov/MARC21/slim"><record><leader>00430nam--2200145-i-4500</leader><controlfield tag="001">000013789</controlfield><controlfield tag="002">20161230</controlfield><controlfield tag="005">20161230201030</controlfield><controlfield tag="008">060222s1000------------r-----000-0-eng-d</controlfield><datafield ind1=" " ind2=" " tag="080"><subfield code="a">539.172.2:621.384.634(047.3)</subfield></datafield><datafield ind1=" " ind2=" " tag="100"><subfield code="a">W.Brefeld, V.Burkert /S.A.</subfield></datafield><datafield ind1=" " ind2=" " tag="245"><subfield code="a">Acceleration of polarized electrons in the 2.5 gev synchrontron at bonn</subfield></datafield><datafield ind1=" " ind2=" " tag="260"><subfield code="a">Bonn, Universitat Bonn, 1978 5 P. + 5 Figuri</subfield></datafield><datafield ind1=" " ind2=" " tag="490"><subfield code="a">78-16</subfield></datafield><datafield ind1=" " ind2=" " tag="852"><subfield code="a">58252</subfield></datafield></record></collection>